<?xml version="1.0" encoding="UTF-8"?><collection xmlns="http://www.loc.gov/MARC21/slim"><record><leader>00284nam--2200109-i-4500</leader><controlfield tag="001">000001863</controlfield><controlfield tag="002">20161230</controlfield><controlfield tag="005">20161230201024</controlfield><controlfield tag="008">060222s1000------------r-----000-0-eng-d</controlfield><datafield ind1=" " ind2=" " tag="245"><subfield code="a">Error in digital computation</subfield></datafield><datafield ind1=" " ind2=" " tag="260"><subfield code="a">New York, John Wiley &amp; Sons, Inc., 1965. Ix + 324 P</subfield></datafield><datafield ind1=" " ind2=" " tag="852"><subfield code="a">22380</subfield></datafield></record></collection>